@InProceedings{C2,
  author = 	 "Jones, C.D. and Smith, A.B. and Roberts, E.F.",
  title =        "Article Title",
  booktitle =        "Proceedings Title",
  organization = "IEEE",
  year = 	 "2003",
  volume = 	 "II",
  pages = 	 "803-806"
}

@inproceedings{deng2020retinaface,
  title={Retinaface: Single-shot multi-level face localisation in the wild},
  author={Deng, Jiankang and Guo, Jia and Ververas, Evangelos and Kotsia, Irene and Zafeiriou, Stefanos},
  booktitle={Proceedings of the IEEE/CVF conference on computer vision and pattern recognition},
  pages={5203--5212},
  year={2020}
}

@inproceedings{lin2017focal,
  title={Focal loss for dense object detection},
  author={Lin, Tsung-Yi and Goyal, Priya and Girshick, Ross and He, Kaiming and Doll{\'a}r, Piotr},
  booktitle={Proceedings of the IEEE international conference on computer vision},
  pages={2980--2988},
  year={2017}
}

@inproceedings{lin2017feature,
  title={Feature pyramid networks for object detection},
  author={Lin, Tsung-Yi and Doll{\'a}r, Piotr and Girshick, Ross and He, Kaiming and Hariharan, Bharath and Belongie, Serge},
  booktitle={Proceedings of the IEEE conference on computer vision and pattern recognition},
  pages={2117--2125},
  year={2017}
}

@article{xu2022cattlefacenet,
  title={CattleFaceNet: A cattle face identification approach based on RetinaFace and ArcFace loss},
  author={Xu, Beibei and Wang, Wensheng and Guo, Leifeng and Chen, Guipeng and Li, Yongfeng and Cao, Zhen and Wu, Saisai},
  journal={Computers and Electronics in Agriculture},
  volume={193},
  pages={106675},
  year={2022},
  publisher={Elsevier}
}

@inproceedings{aswal2020single,
  title={Single camera masked face identification},
  author={Aswal, Vivek and Tupe, Omkar and Shaikh, Shifa and Charniya, Nadir N},
  booktitle={2020 19th IEEE international conference on machine learning and applications (ICMLA)},
  pages={57--60},
  year={2020},
  organization={IEEE}
}

@inproceedings{putro2022faster,
  title={A Faster Real-time Face Detector Support Smart Digital Advertising on Low-cost Computing Device},
  author={Putro, Muhamad Dwisnanto and Priadana, Adri and Nguyen, Duy-Linh and Jo, Kang-Hyun},
  booktitle={2022 IEEE/ASME International Conference on Advanced Intelligent Mechatronics (AIM)},
  pages={171--178},
  year={2022},
  organization={IEEE}
}